% Doxygen bibliography for LALPulsar

@ARTICLE{ABCF2001,
  title =        {{Excess power statistic for detection of burst sources of
                  gravitational radiation}},
  author =       {{Anderson}, W. G. and {Brady}, P. R. and {Creighton},
                  J. D. and {Flanagan}, {\'E}. {\'E}.},
  journal =      {Phys. Rev. D},
  pages =        042003,
  volume =       63,
  year =         2001,
  eid =          042003,
  month =        feb,
  number =       4,
  adsnote =      {Provided by the SAO/NASA Astrophysics Data System},
  doi =          {10.1103/PhysRevD.63.042003},
  eprint =       {arXiv:gr-qc/0008066},
  keywords =     {Gravitational wave detectors and experiments, Data analysis:
                  algorithms and implementation; data management, Gravitational
                  radiation detectors; mass spectrometers; and other
                  instrumentation and techniques},
  url =          {http://adsabs.harvard.edu/abs/2001PhRvD..63d2003A}
}

@ARTICLE{Astone2014,
  author =       {{Astone}, Pia, {Colla}, Alberto, {D'Antonio}, Sabrina,
                  {Frasca}, Sergio, {Palomba}, Cristiano},
  title =        {{Method for all-sky searches of continuous gravitational wave
                  signals using the frequency-Hough transform}},
  journal =      {Phys. Rev. D},
  year =         2014,
  month =        aug,
  volume =       90,
  number =       042002,
  doi =          {10.1103/PhysRevD.90.042002},
  archivePrefix ={arXiv},
  eprint =       {1407.8333},
  primaryClass = {astro-ph.HE},
  adsurl =       {https://adsabs.harvard.edu/abs/2014PhRvD..90d2002A}
}

@ARTICLE{BlandfordTeukolsky1976,
  title =        {{Arrival-time analysis for a pulsar in a binary system.}},
  author =       {{Blandford}, R. and {Teukolsky}, S. A.},
  journal =      {Astrophys. J.},
  pages =        {580-591},
  volume =       205,
  year =         1976,
  month =        apr,
  adsnote =      {Provided by the SAO/NASA Astrophysics Data System},
  doi =          {10.1086/154315},
  url =          {http://adsabs.harvard.edu/abs/1976ApJ...205..580B}
}

@ARTICLE{Brady_P2000,
  title =        {{Searching for periodic sources with LIGO. II. Hierarchical
                  searches}},
  author =       {Brady, Patrick R. and Creighton, Teviet},
  journal =      {Phys. Rev. D},
  pages =        082001,
  volume =       61,
  year =         2000,
  month =        {Feb},
  doi =          {10.1103/PhysRevD.61.082001},
  issue =        8,
  numpages =     20,
  publisher =    {American Physical Society},
  url =          {http://link.aps.org/doi/10.1103/PhysRevD.61.082001}
}

@ARTICLE{ChLangeetal2001,
  title =        {{Precision timing measurements of PSR J1012+5307}},
  author =       {{Lange}, C. and {Camilo}, F. and {Wex}, N. and {Kramer},
                  M. and {Backer}, D. C. and {Lyne}, A. G. and {Doroshenko}, O.},
  journal =      {Mon. Not. R. Astron. Soc.},
  pages =        {274-282},
  volume =       326,
  year =         2001,
  month =        sep,
  adsnote =      {Provided by the SAO/NASA Astrophysics Data System},
  doi =          {10.1046/j.1365-8711.2001.04606.x},
  eprint =       {arXiv:astro-ph/0102309},
  keywords =     {GRAVITATION, RELATIVITY, TIME, BINARIES: GENERAL, PULSARS:
                  GENERAL, PULSARS: INDIVIDUAL: J1012+5307},
  url =          {http://adsabs.harvard.edu/abs/2001MNRAS.326..274L}
}

@ARTICLE{DamourDeruelle1985,
  title =        {{General relativistic celestial mechanics of binary
                  systems. I. The post-newtonian motion}},
  author =       {Damour, T., Deruelle, N.},
  journal =      {Annales de l'institut Henri Poincar\'e (A) Physique
                  th\'eorique},
  pages =        {107-132},
  volume =       43,
  year =         1985,
  number =       1,
  keywords =     {orbital motion; quasi-Newtonian solution; binary system; first
                  post- Newtonian approximation},
  language =     {eng},
  publisher =    {Gauthier-villars},
  url =          {http://eudml.org/doc/76291}
}

@Article{Dhurandhar2007,
  author =       {Dhurandhar, Sanjeev and Krishnan, Badri and Mukhopadhyay,
                  Himan and Whelan, John T.},
  title =        {{Cross-correlation search for periodic gravitational waves}},
  journal =      {Physical Review D},
  volume =       77,
  year =         2008,
  pages =        082001,
  eprint =       {0712.1578},
  archivePrefix ={arXiv},
  doi =          {10.1103/PhysRevD.77.082001},
}

@article{DunnEtAl2022,
  title =        {{Graphics processing unit implementation of the
                  $\mathcal{F}$-statistic for continuous gravitational wave
                  searches}},
  author =       {{Dunn}, L. and {Clearwater}, P. and {Melatos}, A. and {Wette},
                  K.},
  journal =      {Classical and Quantum Gravity},
  volume =       39,
  number =       4,
  pages =        045003,
  month =        {January},
  year =         2022,
  publisher =    {{IOP} Publishing},
  doi =          {10.1088/1361-6382/ac4616},
  url =          {https://doi.org/10.1088/1361-6382/ac4616},
}

@ARTICLE{DupuisWoan2005,
  title =        {{Bayesian estimation of pulsar parameters from gravitational
                  wave data}},
  author =       {{Dupuis}, R. J. and {Woan}, G.},
  journal =      {Phys. Rev. D},
  pages =        102002,
  volume =       72,
  year =         2005,
  eid =          102002,
  month =        nov,
  number =       10,
  adsnote =      {Provided by the SAO/NASA Astrophysics Data System},
  doi =          {10.1103/PhysRevD.72.102002},
  eprint =       {arXiv:gr-qc/0508096},
  keywords =     {Gravitational wave detectors and experiments, Probability
                  theory, stochastic processes, and statistics},
  url =          {http://adsabs.harvard.edu/abs/2005PhRvD..72j2002D}
}

@ARTICLE{JKS98,
  title =        {{Data analysis of gravitational-wave signals from spinning
                  neutron stars: The signal and its detection}},
  author =       {Jaranowski, Piotr and Kr\'olak, Andrzej and Schutz, Bernard
                  F.},
  journal =      {Phys. Rev. D},
  pages =        063001,
  volume =       58,
  year =         1998,
  month =        {Aug},
  doi =          {10.1103/PhysRevD.58.063001},
  issue =        6,
  numpages =     24,
  publisher =    {American Physical Society},
  url =          {http://link.aps.org/doi/10.1103/PhysRevD.58.063001}
}

@ARTICLE{Jones2010,
  title =        {{Gravitational wave emission from rotating superfluid neutron
                  stars}},
  author =       {{Jones}, D. I.},
  journal =      {Mon. Not. R. Astron. Soc.},
  pages =        {2503-2519},
  volume =       402,
  year =         2010,
  month =        mar,
  adsnote =      {Provided by the SAO/NASA Astrophysics Data System},
  archiveprefix ={arXiv},
  doi =          {10.1111/j.1365-2966.2009.16059.x},
  eprint =       {0909.4035},
  keywords =     {gravitational waves, stellar dynamics, stars: neutron,
                  pulsars: general, stars: rotation},
  primaryclass = {astro-ph.SR},
  url =          {http://adsabs.harvard.edu/abs/2010MNRAS.402.2503J}
}

@ARTICLE{Jones2015,
  author =       {{Jones}, D.~I.},
  title =        {{Parameter choices and ranges for continuous gravitational
                  wave searches for steadily spinning neutron stars}},
  journal =      {Mon. Not. R. Astron. Soc.},
  year =         2015,
  volume =       453,
  pages =        {53-66},
  month =        oct,
  doi =          {10.1093/mnras/stv1584},
  url =          {http://adsabs.harvard.edu/abs/2015MNRAS.453...53J},
  eprint =       {arXiv:1501.05832}
}

@ARTICLE{Jones:2015,
  author =       {{Jones}, D.~I.},
  title =        {{Parameter choices and ranges for continuous gravitational
                  wave searches for steadily spinning neutron stars}},
  journal =      {arXiv:1501.05832},
  year =         2015,
  month =        jan,
  adsurl =       {http://adsabs.harvard.edu/abs/2015arXiv150105832J},
  eprint =       {arXiv:1501.05832}
}

@ARTICLE{KPPLS2014,
  title =        {{Search for continuous gravitational waves: Improving
                  robustness versus instrumental artifacts}},
  author =       {{Keitel}, D. and {Prix}, R. and {Papa}, M.~A. and {Leaci},
                  P. and {Siddiqi}, M.},
  journal =      {Phys.\Rev.\ D},
  pages =        064023,
  volume =       89,
  year =         2014,
  eid =          064023,
  month =        mar,
  number =       6,
  adsnote =      {Provided by the SAO/NASA Astrophysics Data System},
  archiveprefix ={arXiv},
  doi =          {10.1103/PhysRevD.89.064023},
  eprint =       {1311.5738},
  keywords =     {Gravitational-wave astrophysics, Gravitational wave detectors
                  and experiments, Gravitational radiation detectors, mass
                  spectrometers, and other instrumentation and techniques,
                  Neutron stars},
  primaryclass = {gr-qc},
  url =          {http://adsabs.harvard.edu/abs/2014PhRvD..89f4023K}
}

@ARTICLE{Keitel2015,
  author =       {{Keitel}, D.},
  title =        {{Robust semicoherent searches for continuous gravitational
                  waves with noise and signal models including hours to days
                  long transients}},
  journal =      {Phys. Rev. D},
  archivePrefix ={arXiv},
  eprint =       {1509.02398},
  primaryClass = {gr-qc},
  year =         2016,
  month =        apr,
  volume =       93,
  number =       8,
  eid =          084024,
  pages =        084024,
  doi =          {10.1103/PhysRevD.93.084024},
  url =          {http://adsabs.harvard.edu/abs/2016PhRvD..93h4024K},
}

@article{LeaciPrix2015,
  title =        {{Directed searches for continuous gravitational waves from
                  binary systems: Parameter-space metrics and optimal Scorpius
                  X-1 sensitivity}},
  author =       {Leaci, Paola and Prix, Reinhard},
  journal =      {Phys. Rev. D},
  volume =       91,
  issue =        10,
  pages =        102003,
  numpages =     26,
  year =         2015,
  month =        {May},
  publisher =    {American Physical Society},
  doi =          {10.1103/PhysRevD.91.102003},
  url =          {https://link.aps.org/doi/10.1103/PhysRevD.91.102003}
}

@ARTICLE{Nishizawa2009,
  title =        {{Probing nontensorial polarizations of stochastic
                  gravitational-wave backgrounds with ground-based laser
                  interferometers}},
  author =       {Nishizawa, Atsushi and Taruya, Atsushi and Hayama, Kazuhiro
                  and Kawamura, Seiji and Sakagami, Masa-aki},
  journal =      {Phys. Rev. D},
  pages =        082002,
  volume =       79,
  year =         2009,
  month =        {Apr},
  doi =          {10.1103/PhysRevD.79.082002},
  issue =        8,
  numpages =     18,
  publisher =    {American Physical Society},
  url =          {http://link.aps.org/doi/10.1103/PhysRevD.79.082002}
}

@INPROCEEDINGS{Papa2001,
  title =        {{Searching for continuous gravitational wave signals: the
                  hierarchical Hough transform algorithm}},
  author =       {M.A. Papa and B.F. Schutz and A.M. Sintes},
  booktitle =    {{Gravitational waves: A challenge to theoretical
                  astrophysics}},
  year =         2001,
  address =      {Italy},
  editor =       {V. Ferrari and J.C. Miller and L. Rezzolla},
  pages =        431,
  series =       {ICTP Lecture Notes Series},
  volume =       3,
  url =          {http://arxiv.org/abs/gr-qc/0011034}
}

@ARTICLE{Pitkin2017,
  author =       {{Pitkin}, Matthew and {Isi}, Maximiliano and {Veitch}, John
                  and {Woan}, Graham},
  title =        {{A nested sampling code for targeted searches for continuous
                  gravitational waves from pulsars}},
  journal =      {arXiv:1705.08978},
  keywords =     {General Relativity and Quantum Cosmology, Astrophysics -
                  Instrumentation and Methods for Astrophysics},
  year =         2017,
  month =        May,
  archivePrefix ={arXiv},
  eprint =       {1705.08978},
  primaryClass = {gr-qc},
  url =          {https://arxiv.org/abs/1705.08978},
}

@ARTICLE{Prix07,
  title =        {{Search for continuous gravitational waves: Metric of the
                  multidetector F-statistic}},
  author =       {{Prix}, R.},
  journal =      {Phys. Rev. D},
  pages =        023004,
  volume =       75,
  year =         2007,
  eid =          023004,
  month =        jan,
  number =       2,
  adsnote =      {Provided by the SAO/NASA Astrophysics Data System},
  doi =          {10.1103/PhysRevD.75.023004},
  eprint =       {arXiv:gr-qc/0606088},
  keywords =     {Mathematical procedures and computer techniques, Gravitational
                  wave detectors and experiments, Gravitational radiation
                  detectors; mass spectrometers; and other instrumentation and
                  techniques, Neutron stars},
  url =          {http://adsabs.harvard.edu/abs/2007PhRvD..75b3004P}
}

@Misc{Prix2022,
  author =       {Reinhard Prix},
  title =        {in preparation},
  year =         2022
}

@techreport{SFT-spec,
  title =        {{SFT Data Format Version 2--3 Specification}},
  author =       {{Bruce Allen and Evan Goetz and David Keitel and Michael Landry and Gregory Mendell and Reinhard Prix and Keith Riles and Karl Wette}},
  institution =  {LIGO},
  number =       {T040164-v2},
  year =         2022,
  url =          {https://dcc.ligo.org/LIGO-T040164-v2/public},
}

@techreport{frame-naming-spec,
  title =        {{Naming Convention for Frame Files which are to be Processed
                  by LDAS}},
  author =       {{Shawhan}, P. and {Anderson}, S. and {Blackburn}, K. and
                  {Ehrens}, P. and {Ivanov}, A. and {Lazzarini}, A. and {Mours},
                  B. and {Sigg}, D. and {Zweizig}, J.},
  institution =  {LIGO},
  number =       {T010150-x0},
  year =         2001,
  note =         {\url{https://dcc.ligo.org/LIGO-T010150-x0/public}},
}

@ARTICLE{Scargle1998,
  title =        {{Studies in Astronomical Time Series Analysis. V. Bayesian
                  Blocks, a New Method to Analyze Structure in Photon Counting
                  Data}},
  author =       {{Scargle}, J. D.},
  journal =      {Astrophys. J.},
  pages =        405,
  volume =       504,
  year =         1998,
  month =        sep,
  adsnote =      {Provided by the SAO/NASA Astrophysics Data System},
  doi =          {10.1086/306064},
  eprint =       {arXiv:astro-ph/9711233},
  keywords =     {METHODS: DATA ANALYSIS, GAMMA RAYS: BURSTS, METHODS:
                  NUMERICAL, METHODS: STATISTICAL},
  url =          {http://adsabs.harvard.edu/abs/1998ApJ...504..405S}
}

@INPROCEEDINGS{Schutz1999,
  title =        {{End-to-end algorithm for hierarchical area searches
                  forlong-duration GW sources for GEO 600}},
  author =       {B.F. Schutz and M.A. Papa},
  booktitle =    {{Gravitational waves and experimental gravity}},
  year =         1999,
  address =      {Hanoi},
  editor =       {J. Tran Thanh Van and J. Dumarchez and S. Reynaud and
                  C. Salomon and S. Thorsett and J.Y. Vinet},
  publisher =    {World Publishers},
  url =          {http://arxiv.org/abs/gr-qc/9905018}
}

@ARTICLE{Skilling2006,
  title =        {{Nested sampling for general Bayesian computation}},
  author =       {John Skilling},
  journal =      {Bayesian Analysis},
  pages =        833,
  volume =       1,
  year =         2006,
  number =       4,
  doi =          {10.1214/06-BA127}
}

@Misc{T0900149-v5,
  author =       {Prix, Reinhard},
  title =        {{The $\mathcal{F}$-statistic and its implementation in
                  \texttt{ComputeFstatistic\_v2}}},
  howpublished = {LIGO Technical Document LIGO-T0900149-v5},
  url =          {https://dcc.ligo.org/LIGO-T0900149-v5/public},
  year =         2011,
}

@ARTICLE{TaylorWeisberg1989,
  title =        {{Further experimental tests of relativistic gravity using the
                  binary pulsar PSR 1913+16}},
  author =       {{Taylor}, J. H. and {Weisberg}, J. M.},
  journal =      {Astrophys. J.},
  pages =        {434-450},
  volume =       345,
  year =         1989,
  month =        oct,
  adsnote =      {Provided by the SAO/NASA Astrophysics Data System},
  doi =          {10.1086/167917},
  keywords =     {BINARY STARS, COMPUTATIONAL ASTROPHYSICS, GRAVITATION THEORY,
                  PULSARS, RELATIVISTIC EFFECTS, DATA ACQUISITION, KEPLER LAWS,
                  RADIATION EFFECTS, STELLAR MASS, STELLAR ORBITS},
  url =          {http://adsabs.harvard.edu/abs/1989ApJ...345..434T}
}

@ARTICLE{VeitchVecchio2010,
  title =        {{Bayesian coherent analysis of in-spiral gravitational wave
                  signals with a detector network}},
  author =       {{Veitch}, J. and {Vecchio}, A.},
  journal =      {Phys. Rev. D},
  pages =        062003,
  volume =       81,
  year =         2010,
  eid =          062003,
  month =        mar,
  number =       6,
  adsnote =      {Provided by the SAO/NASA Astrophysics Data System},
  archiveprefix ={arXiv},
  doi =          {10.1103/PhysRevD.81.062003},
  eprint =       {0911.3820},
  keywords =     {Gravitational wave detectors and experiments, General
                  statistical methods, Applications of Monte Carlo methods},
  primaryclass = {astro-ph.CO},
  url =          {http://adsabs.harvard.edu/abs/2010PhRvD..81f2003V}
}

@PHDTHESIS{Wette2009a,
  title =        {{Gravitational waves from accreting neutron stars and
                  Cassiopeia A}},
  author =       {K. Wette},
  school =       {The Australian National University},
  year =         2009,
  url =          {http://hdl.handle.net/1885/7354}
}

@ARTICLE{Wette2014a,
  title =        {{Lattice template placement for coherent all-sky searches for
                  gravitational-wave pulsars}},
  author =       {Wette, K.},
  journal =      {Physical Review D},
  pages =        122010,
  volume =       90,
  year =         2014,
  month =        {Dec},
  archiveprefix ={arXiv},
  doi =          {10.1103/PhysRevD.90.122010},
  eprint =       {1410.6882},
  issue =        12,
  keywords =     {General Relativity and Quantum Cosmology},
  numpages =     16,
  primaryclass = {gr-qc},
  publisher =    {American Physical Society},
  url =          {http://link.aps.org/doi/10.1103/PhysRevD.90.122010}
}

@ARTICLE{Wette2015a,
  title =        {{Parameter-space metric for all-sky semicoherent searches for
                  gravitational-wave pulsars}},
  author =       {Wette, K.},
  journal =      {Physical Review D},
  year =         2015,
  month =        {October},
  volume =       92,
  number =       8,
  pages =        082003,
  eid =          082003,
  publisher =    {American Physical Society (APS)},
  doi =          {10.1103/PhysRevD.92.082003},
  archiveprefix ={arXiv},
  primaryclass = {gr-qc},
  eprint =       {1508.02372},
  issn =         {1550-2368},
}

@ARTICLE{WettePrix2013a,
  title =        {{Flat parameter-space metric for all-sky searches for
                  gravitational-wave pulsars}},
  author =       {Wette, K. and Prix, R.},
  journal =      {Physical Review D},
  pages =        123005,
  volume =       88,
  year =         2013,
  eid =          123005,
  month =        dec,
  number =       12,
  archiveprefix ={arXiv},
  doi =          {10.1103/PhysRevD.88.123005},
  eprint =       {1310.5587},
  keywords =     {Gravitational wave detectors and experiments, Gravitational
                  radiation detectors, mass spectrometers, and other
                  instrumentation and techniques, Mathematical procedures and
                  computer techniques, Neutron stars},
  primaryclass = {gr-qc},
  url =          {http://link.aps.org/doi/10.1103/PhysRevD.88.123005}
}

@ARTICLE{Wex1998,
  title =        {{A timing formula for main-sequence star binary pulsars}},
  author =       {{Wex}, N.},
  journal =      {Mon. Not. R. Astron. Soc.},
  pages =        {67-77},
  volume =       298,
  year =         1998,
  month =        jul,
  adsnote =      {Provided by the SAO/NASA Astrophysics Data System},
  doi =          {10.1046/j.1365-8711.1998.01570.x},
  eprint =       {arXiv:astro-ph/9706086},
  keywords =     {BINARIES: GENERAL, PULSARS: GENERAL, PULSARS: INDIVIDUAL: PSR
                  J0045-7319, PULSARS: INDIVIDUAL: PSR B1259-63},
  url =          {http://adsabs.harvard.edu/abs/1998MNRAS.298...67W}
}

@ARTICLE{Whelan2015,
  author =       {{Whelan}, John~T. and {Sundaresan}, Santosh and {Zhang},
                  Yuanhao and {Peiris}, Prabath},
  title =        {{Model-based cross-correlation search for gravitational waves
                  from Scorpius X-1}},
  eprint =       {1504.05890},
  archivePrefix ={arXiv},
  journal =      {Physical Review D},
  volume =       91,
  pages =        102005,
  doi =          {10.1103/PhysRevD.91.102005},
  year =         2015,
}

@ARTICLE{Will_C_1996,
  title =        {{Gravitational radiation from compact binary systems:
                  Gravitational waveforms and energy loss to second
                  post-Newtonian order}},
  author =       {Will, Clifford M. and Wiseman, Alan G.},
  journal =      {Phys. Rev. D},
  pages =        {4813--4848},
  volume =       54,
  year =         1996,
  month =        {Oct},
  doi =          {10.1103/PhysRevD.54.4813},
  issue =        8,
  publisher =    {American Physical Society},
  url =          {http://link.aps.org/doi/10.1103/PhysRevD.54.4813}
}

@INPROCEEDINGS{Williams1999,
  title =        {{An Efficient matched filtering algorithm for the detection of
                  continuous gravitational wave signals}},
  author =       {Williams, Peter R. and Schutz, Bernard F.},
  booktitle =    {{Gravitational waves. Proceedings, 3rd Edoardo Amaldi
                  Conference, Pasadena, USA, July 12-16, 1999}},
  year =         2000,
  editor =       {Meshkov, S.},
  url =          {http://arxiv.org/abs/gr-qc/9912029}
}

@ARTICLE{Yu2013,
  author =       {{Yu}, M. and {Manchester}, R.~N. and {Hobbs}, G. and
                  {Johnston}, S. and {Kaspi}, V.~M. and {Keith}, M. and {Lyne},
                  A.~G. and {Qiao}, G.~J. and {Ravi}, V. and {Sarkissian},
                  J.~M. and {Shannon}, R. and {Xu}, R.~X.},
  title =        {{Detection of 107 glitches in 36 southern pulsars}},
  journal =      {Mon. Not. R. Astron. Soc.},
  year =         2013,
  month =        feb,
  volume =       429,
  number =       1,
  pages =        {688-724},
  doi =          {10.1093/mnras/sts366},
  archivePrefix ={arXiv},
  eprint =       {1211.2035},
  primaryClass = {astro-ph.HE},
  adsurl =       {https://adsabs.harvard.edu/abs/2013MNRAS.429..688Y}
}
